<?xml version="1.0" encoding="UTF-8"?><collection xmlns="http://www.loc.gov/MARC21/slim"><record><leader>00396nam--2200133-i-4500</leader><controlfield tag="001">000045518</controlfield><controlfield tag="002">20161230</controlfield><controlfield tag="005">20161230201045</controlfield><controlfield tag="008">060222s1000------------r-----000-0-eng-d</controlfield><datafield ind1=" " ind2=" " tag="080"><subfield code="a">530.145.3(061.3)</subfield></datafield><datafield ind1=" " ind2=" " tag="245"><subfield code="a">Trieste conf.on topological meth.in quantum field th. ictp,trieste, italy 11-15 june 1990</subfield></datafield><datafield ind1=" " ind2=" " tag="260"><subfield code="a">Singapore, World Scientific, 1991. Vii + 171 P</subfield></datafield><datafield ind1=" " ind2=" " tag="700"><subfield code="a">W.Nahm</subfield></datafield><datafield ind1=" " ind2=" " tag="852"><subfield code="a">79527</subfield></datafield></record></collection>